<?xml version="1.0" encoding="UTF-8"?><collection xmlns="http://www.loc.gov/MARC21/slim"><record><leader>00415nam--2200169-u-4500</leader><controlfield tag="001">000053091</controlfield><controlfield tag="002">20161230</controlfield><controlfield tag="005">20161230201050</controlfield><controlfield tag="008">110105s1000------------r-----000-0-eng-d</controlfield><datafield ind1=" " ind2=" " tag="040"><subfield code="a">IFIN-HH</subfield></datafield><datafield ind1=" " ind2=" " tag="080"><subfield code="a">539.165(043)</subfield></datafield><datafield ind1="1" ind2=" " tag="100"><subfield code="a">Borcea, Ruxandra</subfield></datafield><datafield ind1="1" ind2="0" tag="245"><subfield code="a">Beta decay of 56cu</subfield><subfield code="b">Teza</subfield><subfield code="c">Ruxandra borcea</subfield></datafield><datafield ind1=" " ind2=" " tag="260"><subfield code="a">Bucuresti</subfield><subfield code="b">Ifa</subfield><subfield code="c">2001</subfield></datafield><datafield ind1=" " ind2=" " tag="300"><subfield code="a">38P</subfield></datafield><datafield ind1=" " ind2=" " tag="852"><subfield code="a">81267</subfield><subfield code="c">539</subfield></datafield><datafield ind1=" " ind2=" " tag="CAT"><subfield code="a">Sys</subfield><subfield code="c">20110105</subfield><subfield code="h">132434</subfield></datafield></record></collection>